<collection xmlns="http://www.loc.gov/MARC21/slim">
<record>
  <leader>01438nam0a22003131i 450 </leader>
  <controlfield tag="001">IT\ICCU\CNCE\039954</controlfield>
  <controlfield tag="005">20130509000000.0</controlfield>
  <datafield tag="012" ind1=" " ind2=" ">
    <subfield code="a">uoe- s.i* a.ua nitr (C) 1507 (R)</subfield>
    <subfield code="2">fei</subfield>
  </datafield>
  <datafield tag="100" ind1=" " ind2=" ">
    <subfield code="a">19981113d1507        0itac0103    ba</subfield>
  </datafield>
  <datafield tag="101" ind1=" " ind2=" ">
    <subfield code="a">LAT</subfield>
    <subfield code="a">ITA</subfield>
  </datafield>
  <datafield tag="102" ind1=" " ind2=" ">
    <subfield code="a">IT</subfield>
  </datafield>
  <datafield tag="200" ind1="1" ind2=" ">
    <subfield code="a">℗Zachariae Lilii Vicentini ℗Orbis breuiarium, fide compendio ordine ...</subfield>
  </datafield>
  <datafield tag="210" ind1=" " ind2=" ">
    <subfield code="e">Stampato in Vicenza</subfield>
    <subfield code="g">cum la impensa de Magistro Henrico Vicentino</subfield>
    <subfield code="h">1507</subfield>
  </datafield>
  <datafield tag="215" ind1=" " ind2=" ">
    <subfield code="a">\444! p.</subfield>
    <subfield code="d">8ʻ</subfield>
  </datafield>
  <datafield tag="300" ind1=" " ind2=" ">
    <subfield code="a">E&apos; la 45605, forse legata alla 39940</subfield>
  </datafield>
  <datafield tag="620" ind1=" " ind2=" ">
    <subfield code="a">IT</subfield>
    <subfield code="d">Vicenza</subfield>
  </datafield>
  <datafield tag="700" ind1=" " ind2="1">
    <subfield code="a">Lilio,</subfield>
    <subfield code="b">Zaccaria</subfield>
    <subfield code="3">IT\ICCU\CNCA\008207</subfield>
  </datafield>
  <datafield tag="712" ind1="0" ind2="0">
    <subfield code="a">Ca&apos;_Zeno, Enrico</subfield>
    <subfield code="3">IT\ICCU\CNCT\000938</subfield>
    <subfield code="4">650</subfield>
  </datafield>
  <datafield tag="790" ind1=" " ind2="1">
    <subfield code="a">Gigli,</subfield>
    <subfield code="b">Zaccaria</subfield>
    <subfield code="3">IT\ICCU\CNCA\017864</subfield>
    <subfield code="z">Lilio, Zaccaria</subfield>
  </datafield>
  <datafield tag="790" ind1=" " ind2="1">
    <subfield code="a">Lilius,</subfield>
    <subfield code="b">Zacharias</subfield>
    <subfield code="3">IT\ICCU\CNCA\020470</subfield>
    <subfield code="z">Lilio, Zaccaria</subfield>
  </datafield>
  <datafield tag="790" ind1=" " ind2="1">
    <subfield code="a">Lilio,</subfield>
    <subfield code="b">Zaccheria</subfield>
    <subfield code="3">IT\ICCU\CNCA\020643</subfield>
    <subfield code="z">Lilio, Zaccaria</subfield>
  </datafield>
  <datafield tag="791" ind1="0" ind2="2">
    <subfield code="a">Enrico : da#Ca&apos; Zeno</subfield>
    <subfield code="3">IT\ICCU\CNCT\002924</subfield>
    <subfield code="z">Ca&apos;_Zeno, Enrico</subfield>
  </datafield>
  <datafield tag="791" ind1="0" ind2="0">
    <subfield code="a">Zeno, Enrico</subfield>
    <subfield code="3">IT\ICCU\CNCT\002958</subfield>
    <subfield code="z">Ca&apos;_Zeno, Enrico</subfield>
  </datafield>
  <datafield tag="791" ind1="0" ind2="0">
    <subfield code="a">Sant&apos;Orso, Enrico</subfield>
    <subfield code="3">IT\ICCU\CNCT\002959</subfield>
    <subfield code="z">Ca&apos;_Zeno, Enrico</subfield>
  </datafield>
  <datafield tag="791" ind1="0" ind2="2">
    <subfield code="a">Henricus Vicentinus</subfield>
    <subfield code="3">IT\ICCU\CNCT\003069</subfield>
    <subfield code="z">Ca&apos;_Zeno, Enrico</subfield>
  </datafield>
  <datafield tag="791" ind1="0" ind2="0">
    <subfield code="a">Sancto_Ursio, Henricus de</subfield>
    <subfield code="3">IT\ICCU\CNCT\003668</subfield>
    <subfield code="z">Ca&apos;_Zeno, Enrico</subfield>
  </datafield>
  <datafield tag="791" ind1="0" ind2="2">
    <subfield code="a">Henricus de Sancto Urso</subfield>
    <subfield code="3">IT\ICCU\CNCT\004569</subfield>
    <subfield code="z">Ca&apos;_Zeno, Enrico</subfield>
  </datafield>
  <datafield tag="801" ind1=" " ind2="3">
    <subfield code="a">IT</subfield>
    <subfield code="b">ICCU</subfield>
    <subfield code="c">20201114</subfield>
  </datafield>
  <datafield tag="899" ind1=" " ind2=" ">
    <subfield code="a">Biblioteca comunale Alceste e Remigio Roccella. Piazza Armerina</subfield>
    <subfield code="1">EN0018</subfield>
    <subfield code="2">ZEN 04</subfield>
  </datafield>
</record>
</collection>
